@inproceedings{kanev2015profiling,
  title={Profiling a warehouse-scale computer},
  author={Kanev, Svilen and Darago, Juan Pablo and Hazelwood, Kim and Ranganathan, Parthasarathy and Moseley, Tipp and Wei, Gu-Yeon and Brooks, David},
  booktitle={Computer Architecture (ISCA), 2015 ACM/IEEE 42nd Annual International Symposium on},
  pages={158--169},
  year={2015},
  organization={IEEE}
}

@inproceedings{sodaspr,
  title={Software data spreading: leveraging distributed caches to improve single thread performance},
  author={Kamruzzaman, Md and Swanson, Steven and Tullsen, Dean M},
  booktitle={ACM Sigplan Notices},
  volume={45},
  number={6},
  pages={460--470},
  year={2010},
  organization={ACM}
}

@inproceedings{cohort,
  title={Using cohort scheduling to enhance server performance},
  author={Larus, James R and Parkes, Michael},
  booktitle={ACM SIGPLAN Notices},
  volume={36},
  number={8},
  pages={182--187},
  year={2001},
  organization={ACM}
}

@inproceedings{seda,
  title={SEDA: an architecture for well-conditioned, scalable internet services},
  author={Welsh, Matt and Culler, David and Brewer, Eric},
  booktitle={ACM SIGOPS Operating Systems Review},
  volume={35},
  number={5},
  pages={230--243},
  year={2001},
  organization={ACM}
}

% special-case papers on SEDA for database systems:
@inproceedings{harizopoulos2003case,
  title={A case for staged database systems},
  author={Harizopoulos, Stavros and Ailamaki, Anastassia},
  booktitle={CIDR},
  number={DIAS-CONF-2003-001},
  year={2003}
}
@online{shore,
    title={SHORE Storage Manager: The Multi-Threaded Version},
    author={The Board of Regents of the University of Wisconsin System}, %??
    year={2012},% bottom of the page
    url={http://research.cs.wisc.edu/shore-mt/},
    urldate={2018-02-09},
}
@online{shoreRelease,
    title={SHORE 6.0.0 release tarball},
    author={The Board of Regents of the University of Wisconsin System}, %??
    year={2010},% apache-generated index, likely file age
    url={http://research.cs.wisc.edu/shore-mt/ftp/6.0/shore-sm-6.0.0.tar.gz},
    urldate={2018-02-09},
}

@inproceedings{steps,
 author = {Harizopoulos, Stavros and Ailamaki, Anastassia},
 title = {Steps Towards Cache-resident Transaction Processing},
 booktitle = {Proceedings of the Thirtieth International Conference on Very Large Data Bases - Volume 30},
 series = {VLDB '04},
 year = {2004},
 isbn = {0-12-088469-0},
 location = {Toronto, Canada},
 pages = {660--671},
 numpages = {12},
 url = {http://dl.acm.org/citation.cfm?id=1316689.1316747},
 acmid = {1316747},
 publisher = {VLDB Endowment},
}

@phdthesis{harizopoulos2005staged,
  title={Staged database systems},
  author={Harizopoulos, Stavros},
  year={2005},
  school={IBM}
}

@article{compspr,
 author = {Chakraborty, Koushik and Wells, Philip M. and Sohi, Gurindar S.},
 title = {Computation Spreading: Employing Hardware Migration to Specialize CMP Cores On-the-fly},
 journal = {SIGARCH Comput. Archit. News},
 issue_date = {December 2006},
 volume = {34},
 number = {5},
 month = oct,
 year = {2006},
 issn = {0163-5964},
 pages = {283--292},
 numpages = {10},
 url = {http://doi.acm.org/10.1145/1168919.1168893},
 doi = {10.1145/1168919.1168893},
 acmid = {1168893},
 publisher = {ACM},
 address = {New York, NY, USA},
 keywords = {cache locality, dynamic specialization},
}

@article{schedulerActivations,
  title={Scheduler activations: Effective kernel support for the user-level management of parallelism},
  author={Anderson, Thomas E and Bershad, Brian N and Lazowska, Edward D and Levy, Henry M},
  journal={ACM Transactions on Computer Systems (TOCS)},
  volume={10},
  number={1},
  pages={53--79},
  year={1992},
  publisher={ACM}
}
@online{schedulerActivationsNetBSD,
    title={Merging newlock2: consequences on in-kernel locking, SMP and threading},
    author={Hubert Feyrer},
    year={2007},
    url={http://www.feyrer.de/NetBSD/bx/blosxom.cgi/index.front?-tags=threads},
    urldate={2017-11-03},
}

@online{mysqlThreading,
  title={MySQL 5.7 Reference Manual :: 28.1.1 MySQL Threads},
  shorthand={MySQL},
  url={https://dev.mysql.com/doc/refman/5.7/en/mysql-threads.html},
  urldate={2017-10-20}
}

@online{oltpbench,
  title = {OLTPBenchmark Project},
  shorthand={OLTP},
  url={https://github.com/oltpbenchmark/oltpbench},
  urldate={2017-11-03}
}
